<?xml version="1.0" encoding="UTF-8"?><collection xmlns="http://www.loc.gov/MARC21/slim"><record><leader>00551nam--2200181-i-4500</leader><controlfield tag="001">000031691</controlfield><controlfield tag="002">20161230</controlfield><controlfield tag="005">20161230201038</controlfield><controlfield tag="008">060222s1000------------r-----000-0-eng-d</controlfield><datafield ind1=" " ind2=" " tag="040"><subfield code="a">IFIN-HH</subfield></datafield><datafield ind1=" " ind2=" " tag="080"><subfield code="a">53.081:536.7</subfield></datafield><datafield ind1="1" ind2=" " tag="100"><subfield code="a">Maczynski, Andrej</subfield></datafield><datafield ind1="1" ind2="0" tag="245"><subfield code="a">Verified vapor-liquid equilibrium data. vol. 1. binary hydrocarbons systems</subfield><subfield code="c">Andrzej maczynski</subfield></datafield><datafield ind1=" " ind2=" " tag="260"><subfield code="a">Warszawa</subfield><subfield code="b">Panstowowe Wydawnictwo Naukowe</subfield><subfield code="c">1976</subfield></datafield><datafield ind1=" " ind2=" " tag="300"><subfield code="a">206P</subfield></datafield><datafield ind1=" " ind2=" " tag="490"><subfield code="a">Thermodynamical Data For Technology</subfield></datafield><datafield ind1=" " ind2=" " tag="852"><subfield code="a">45880</subfield><subfield code="c">53.081</subfield></datafield><datafield ind1=" " ind2=" " tag="CAT"><subfield code="a">Sys</subfield><subfield code="c">20160330</subfield><subfield code="h">160315</subfield></datafield></record></collection>